@misc{JACK,
	title={Jack Audio Connection Kit},
	author={Paul Davis, St√©phane Letz et al.},
	year={2002},
	howpublished={Open Source Project},
	note={\url{http://jackaudio.org/}}
}
